3237 5197
1298 242 1726 306 -59-

167 425 221 469 e.
266 401 385 489 13)
439 406 550 487 vgl.
598 406 826 468 ebenda
872 407 937 488 V,
974 405 1015 469 6
1054 429 1145 480 ως
1183 397 1629 487 ἐνδεχόμενον
1674 400 1760 487 (d.
1799 405 1856 466 h.
1905 405 1990 467 als
2037 424 2209 467 wenn
2248 424 2313 467 es
2350 405 2605 485 meglich
2645 400 2850 490 ware),

166 507 246 576 τὸ
311 508 433 594 μὲν
489 505 653 576 ὅλον
710 505 884 578 εἶναι
939 507 1139 593 θεόν,
1193 505 1272 574 τὰ
1333 506 1408 575 δὲ
1463 507 1627 593 μέρη
1677 504 1888 575 αὐτοῦ
1933 505 2023 594 μὴ
2071 517 2254 575 θεῖα·
2314 503 2355 595 ἢ
2403 504 2559 587 τοὺς
2605 506 2729 593 μὲν
2774 509 2848 574 ἐν

172 614 395 706 σκότῳ
430 640 565 683 που
604 617 675 684 ἐκ
711 621 1010 702 γοητείας
1049 611 1172 682 ούκ
1211 612 1428 702 ὀρθῆς
1461 612 1965 699 τυφλώττουσιν
2003 610 2045 701 ἢ
2088 613 2179 682 δι’
2224 612 2549 703 ἀμυδρῶν
2588 612 2848 701 φασμά-

166 749 314 790 των
371 719 884 810 ὀνειρώττουσιν
941 722 1362 808 ἐγχρίμπτειν
1409 721 1815 807 λεγομένους
1860 712 1937 789 εὖ
1983 720 2160 807 μάλα
2207 723 2639 812 θρησκεύειν·
2692 719 2851 800 τοὺς

171 827 235 896 δ’
295 832 595 919 ἐναργῶς
640 826 816 897 οῦτω
863 828 974 896 καὶ
1019 836 1334 915 λαμπρῶς
1379 827 1584 896 ἅπασι
1622 828 2191 918 προφητεύοντας,
2239 827 2329 898 δι’
2373 822 2471 897 ὧν
2507 826 2744 909 ὑετούς
2779 855 2849 897 τε

167 938 284 1005 καὶ
335 935 563 1023 θάλπη
610 935 723 1011 καὶ
767 937 940 1023 νέφη
986 935 1097 1003 καὶ
1143 933 1433 1023 βροντὰς
1479 932 1589 1023 (ἃς
1634 940 2094 1023 προσκυνοῦσι
2143 941 2343 1022 [1131111.
2380 944 2475 1005 die
2514 940 2848 1024 ChristenJ)

166 1044 284 1112 καὶ
327 1040 666 1132 ἀστραπὰς
700 1042 812 1110 καὶ
847 1041 1143 1131 καρποὺς
1177 1043 1288 1110 καὶ
1324 1041 1533 1130 γονὰς
1570 1042 1832 1124 ἀπάσας
1866 1042 2327 1132 ταμιεύεσθαι,
2365 1040 2454 1112 δι’
2497 1034 2595 1112 ὧν
2624 1040 2851 1123 αὑτοῖς

167 1149 765 1221 ἀνακαλύπτεσθαι
823 1147 944 1218 τὸν
994 1149 1165 1218 θεὸν
1211 1148 1541 1239 <ὁρῶσι>,
1595 1150 1784 1231 τοὺς
1829 1149 2443 1238 φανερωτάτους
2487 1155 2640 1219 τῶν
2687 1151 2848 1218 ἄνω

168 1258 555 1347 κήρυκας,
593 1254 776 1337 τοὺς
813 1253 914 1335 ὥς
949 1253 1272 1343 ἀληθῶς
1309 1254 1746 1345 οὐρανίους
1782 1254 2196 1344 ἀγγέλους,
2234 1256 2511 1337 τούτους
2537 1255 2849 1343 ἡγεῖσθαι

173 1367 251 1436 τὸ
293 1367 526 1455 μηδέν.
591 1367 735 1452 (Das
773 1362 984 1450 ὁρῶσι
1019 1371 1182 1433 hatte
1219 1370 1317 1432 ioh
1355 1370 2117 1454 einzuschieben.)-—Vgl.
2155 1370 2392 1432 endlich
2433 1370 2584 1432 noch
2624 1369 2850 1431 ebenda

171 1481 296 1564 VII,
335 1478 419 1543 68
470 1478 589 1541 und
639 1474 725 1542 35
771 1479 901 1540 Ans.
2616 1486 2622 1492 ·

354 1588 529 1649 Diese
568 1585 760 1646 Lehre
797 1604 912 1647 von
949 1586 1063 1648 den
1101 1581 1603 1667 „damonischeffl
1632 1586 2060 1666 Untergettern
2097 1585 2231 1647 liefs
2269 1586 2421 1647 auch
2462 1585 2570 1647 der
2607 1604 2850 1646 namen·

172 1696 305 1757 lose
342 1695 650 1756 Verfasser
689 1694 864 1775 jener
913 1699 1121 1774 31131311
1159 1692 1498 1773 Θεοσοφία
1544 1692 1661 1754 den
1702 1692 2022 1773 Sehergott
2069 1693 2254 1755 selbst
2299 1696 2361 1755 in
2400 1695 2596 1755 einem
2634 1693 2851 1754 Orakel

169 1809 499 1884 vertreten,
535 1804 598 1863 in
639 1800 920 1863 welchem
959 1820 1026 1862 er
1065 1794 1236 1884 (Exe.
1278 1801 1335 1861 S.
1368 1793 1539 1884 7611)
1579 1794 2039 1882 ἐρωτήσαντός
2076 1821 2291 1883 τινος,
2338 1809 2538 1863 ποῖον
2578 1797 2852 1874 ἕκαστος

169 1909 313 1973 τῶν
349 1903 589 1973 νόθων
636 1906 819 1971 θεῶν
866 1907 1101 1989 ἔλαχεν
1147 1907 1370 1990 ἔργον,
1416 1899 1815 1990 ἀπεκρίνατο
1865 1901 2102 1983 οὕτως·

601 2043 1077 2114 Ἀθανάτοισιν
1124 2041 1373 2113 ἅπασιν
1420 2049 1596 2132 ἔχειν
1645 2051 2021 2133 διενείματο
2068 2046 2263 2134 τιμὰς

611 2151 958 2239 ὑψιμέδων
1005 2152 1301 2238 γενέτης·
1353 2158 1616 2243 Φοίβω
1665 2154 2175 2241 μαντήγορον
2224 2153 2516 2241 ὀμφήν,

607 2260 718 2328 καὶ
767 2269 951 2345 Δηοῖ
989 2259 1309 2348 καρπούς,
1353 2262 1464 2328 καὶ
1510 2261 1824 2329 Παλλάδι
1869 2275 2030 2349 πῖαρ
2078 2264 2321 2349 ἐλαίης,

612 2367 723 2434 καὶ
774 2365 1012 2459 Βάκχῳ
1059 2365 1432 2455 γλευκηρὸν
1480 2366 1761 2449 ἀναζέον
1807 2367 2024 2448 ἄνθος
2071 2366 2359 2457 ὀπώρης,

608 2479 984 2559 παρθενίου
1028 2499 1098 2540 τε
1143 2471 1388 2560 γάμοιο
1435 2476 1806 2560 νεοζυγέων
1852 2472 1926 2543 θ’
1978 2473 2320 2563 ὑμεναίων

609 2581 984 2671 κοιρανέειν
1031 2579 1390 2669 φιλότητος
1434 2577 1754 2671 ἀμωμήτῃ
1801 2578 1865 2670 γ’
1921 2578 2301 2673 Ἀφροδίτῃ.

359 2732 518 2792 Zwei
566 2733 804 2791 weitere
845 2729 1080 2810 Orakel‚
1124 2731 1187 2790 in
1234 2729 1429 2790 denen
1465 2729 1673 2808 Apollo
1720 2730 1906 2799 selbst
1952 2733 2078 2793 sieh
2127 2752 2195 2794 zu
2238 2731 2355 2792 den
2393 2724 2665 2812 ἄγγελοι
2706 2729 2852 2789 oder

173 2832 505 2922 ὑπηρέται
533 2839 639 2899 des
667 2837 959 2898 hechsten
990 2837 1198 2898 Gottes
1227 2835 1506 2914 bekennt,
1543 2836 1771 2898 ebenda
1806 2837 1863 2899 S.
1889 2837 1972 2900 75
1993 2858 2024 2899 3
2054 2833 2124 2923 (ἓ
2146 2834 2263 2921 34)
2293 2839 2415 2901 und
2447 2835 2531 2900 75
2551 2838 2588 2898 b
2616 2832 2685 2920 (ἓ
2718 2831 2853 2919 36).

360 2945 461 3006 Α13
508 2964 652 3024 ganz
699 2942 1235 3024 gleichbedeutend
1285 2943 1522 3004 werden
1571 2935 1851 3025 ἅγγελος
1887 2946 2007 3007 und
2049 2944 2308 3027 δαίμων
2345 2949 2405 3006 in
2446 2946 2559 3006 den
2599 2944 2852 3005 Zauber-

36 3139 45 3144 θ
175 3054 453 3116 bfichern
492 3051 717 3113 fiberall
756 3050 1109 3131 gebraucht:
1145 3049 1330 3111 Paris,
1369 3068 1503 3130 pap.
1542 3072 1593 3113 v.
1628 3049 1798 3115 1348
1820 3055 1877 3113 ss'.
1917 3048 2385 3139 (ἐπικαλοῦμαι
2421 3044 2624 3136 ὑμᾶς)
2664 3048 2854 3134 παρέ-

176 3161 390 3244 δρους
432 3155 556 3221 τοῦ
602 3151 895 3239 μεγάλου
941 3156 1133 3239 θεοῦ,
1178 3150 1337 3233 τοὺς
1380 3159 1737 3242 κραταίους
1774 3152 2383 3244 ἀρχιδαίμονας,
2433 3155 2674 3233 οἵτινές
2711 3156 2855 3221 ἐστε

174 3264 426 3346 Χάους,
460 3257 790 3347 Ἐρέβους,
830 3258 1137 3347 ἀβύσσου
1165 3264 1414 3346 βυθοῦ,
1442 3265 1637 3347 γαίης
1666 3261 2025 3350 οἰκήτορες,
2068 3260 2854 3349 ούρανοκευθμωνοδιαί-

174 3397 338 3451 τους
388 3408 473 3418 -
522 3374 749 3435 ehenda
798 3394 847 3435 v.
888 3371 1139 3436 269811.
1196 3366 1499 3454 φύλαξόν
1555 3395 1635 3455 με
1690 3366 1822 3437 ἀπὸ
1879 3367 2128 3449 παντὸς
2185 3373 2568 3456 δαίμονος
2622 3367 2856 3453 ἀερίου

174 3476 289 3545 καὶ
349 3477 645 3561 ἐπιγείου
697 3473 809 3541 καὶ
855 3471 1178 3562 ὑπογείου
1221 3475 1334 3542 καὶ
1380 3499 1631 3555 παντος
1677 3471 2023 3563 ἀγγέλου
2067 3476 2177 3544 καὶ
2226 3476 2698 3564 φαντάσματος
2742 3477 2857 3544 καὶ

176 3584 516 3668 σκιασμοῦ
569 3582 681 3649 καὶ
738 3584 1110 3669 ἐπιπομπῆς
1155 3622 1238 3632 —
1297 3588 1418 3649 und
1474 3607 1606 3669 pap.
1656 3587 1833 3649 XLV!
1889 3589 2033 3650 Brit.
2085 3609 2233 3652 mus,
2281 3609 2332 3651 V.
2382 3587 2509 3652 168
2532 3591 2589 3652 ff.
2636 3589 2855 3650 WeSS.:

177 3687 528 3769 ὑπόταξόν
583 3714 698 3775 μοι
754 3686 971 3757 πάντα
1014 3689 1096 3756 τὰ
1145 3688 1553 3775 δαιμόνια,
1609 3691 1726 3756 ἵνα
1771 3716 1885 3776 μοι
1930 3680 1973 3778 ᾖ
2023 3690 2137 3780 (ην
2183 3691 2344 3776 pap.)
2389 3686 2685 3776 ὑπήκοος
2730 3692 2858 3768 πᾶς

178 3803 495 3884 δαίμων
543 3792 864 3884 οὐράνιος
906 3795 1018 3863 καὶ
1066 3798 1369 3882 αἰθέριος
1412 3794 1524 3862 καὶ
1571 3797 1859 3883 ἐπίγειος
1901 3796 2013 3863 καὶ
2053 3793 2366 3883 ὑπόγειος
2402 3796 2513 3863 καὶ
2551 3809 2857 3883 χερσαῖος

172 3906 287 3974 καὶ
338 3907 622 3989 ἔνυδρος
665 3902 779 3969 καὶ
824 3904 1002 3971 πᾶσα
1050 3901 1384 3989 ἐπιπομπὴ
1422 3904 1533 3970 καὶ
1570 3902 1805 3989 μάστιξ
1842 3908 2013 3971 θεοῦ
2051 3903 2343 3994 (μαστιξι
2379 3929 2511 3991 pap.
2550 3910 2661 3990 vgl.
2700 3909 2854 3970 oben

177 4020 236 4082 S.
286 4014 376 4081 57
440 4013 782 4096 δαίμονες,
848 4014 920 4077 οἳ
980 4019 1263 4095 φοιτῶσι
1326 4010 1479 4095 περὶ
1533 4010 1756 4097 χθόνα
1809 4011 1920 4077 καὶ
1975 4011 2126 4098 περὶ
2179 4010 2455 4096 πόντον,
2511 4008 2856 4097 ἀκαμάτου

177 4120 573 4207 δαμνῶνται
636 4114 827 4183 ὑπαὶ
895 4114 1214 4202 μάστιγι
1279 4118 1566 4209 θεοῖο);
1633 4124 1959 4185 besonders
2016 4124 2278 4186 deutlich
2335 4124 2489 4186 auch
2543 4128 2603 4185 in
2660 4126 2857 4185 einem

176 4235 421 4314 grossen
470 4228 739 4310 Hymnus
786 4222 948 4312 (pap.
997 4248 1146 4309 mag.
1193 4230 1384 4291 Berol.
1424 4231 1468 4314 Ι,
1516 4230 1626 4292 301.
1673 4230 1765 4314 IV,
1804 4228 1951 4293 300.
1999 4230 2061 4311 V,
2100 4228 2228 4292 317
2280 4230 2369 4292 ed.
2413 4229 2611 4291 Parth.
2650 4228 2711 4292 3.’
2740 4226 2856 4311 0.),

176 4360 267 4401 wo
318 4337 529 4417 Apollo
585 4343 785 4398 zuerst
840 4329 1121 4417 ἅγγελος
1167 4330 1531 4418 πρωτεύων
1578 4329 1799 4418 Ζηνὸς
1844 4330 2160 4418 μεγάλοιο
2202 4327 2353 4399 Ἰάω
2400 4346 2661 4417 genennt
2707 4338 2854 4398 wird

178 4448 301 4510 und
352 4442 617 4506 nachher
657 4444 798 4525 jene
844 4442 1094 4506 hechste
1142 4444 1407 4506 Gottheit
1453 4445 1549 4506 die
1599 4445 2039 4524 Aufforderung
2086 4444 2302 4506 31113111

611 4562 876 4646 πέμψον
924 4564 1215 4648 δαίμονα
1259 4565 1505 4631 τοῦτον
1552 4566 1738 4649 ἐμαῖς
1786 4566 1994 4650 ἱεραῖς
2039 4565 2402 4642 ἐπαοιδαῖς.

361 4693 476 4755 Ein
507 4690 808 4753 3311311113]
836 4692 946 4753 soll
974 4711 1129 4776 man,
1167 4713 1269 4756 um
1298 4695 1393 4756 die
1417 4694 1681 4756 Zukunft
1709 4715 1777 4756 zu
1808 4694 2104 4776 erfahren,
2133 4694 2520 4756 beschweren
2542 4688 2858 4780 (ebenda):
